<?xml version="1.0" encoding="UTF-8"?><collection xmlns="http://www.loc.gov/MARC21/slim"><record><leader>00353nam--2200133-i-4500</leader><controlfield tag="001">000029324</controlfield><controlfield tag="002">20161230</controlfield><controlfield tag="005">20161230201037</controlfield><controlfield tag="008">060222s1000------------r-----000-0-eng-d</controlfield><datafield ind1=" " ind2=" " tag="080"><subfield code="a">625.9</subfield></datafield><datafield ind1=" " ind2=" " tag="100"><subfield code="a">Liberman, A.R</subfield></datafield><datafield ind1=" " ind2=" " tag="245"><subfield code="a">Reconditionarea masinilor unelte din atelierele de reparatii</subfield></datafield><datafield ind1=" " ind2=" " tag="260"><subfield code="a">Bucuresti,Editura Tehnica, 1952. 372p</subfield></datafield><datafield ind1=" " ind2=" " tag="852"><subfield code="a">2622</subfield></datafield></record></collection>